% Encoding: UTF-8

@electronic{Mathoverflow,
    author = {Mikhail Tikhomirov},
    title = {Distinct distances between adjacent equal elements},
    url = {https://mathoverflow.net/questions/355732/distinct-distances-between-adjacent-equal-elements},
    urldate = {2020/03/26},
    originalyear = {2020/03/26}
}

@electronic{GrundyValues,
    author = {{The on-line encyclopedia of integer sequences}},
    title = {Grundy values},
    url = {http://oeis.org/A025480},
    urldate = {2020/03/26},
    originalyear = {2020/03/26}
}
